@article{junior2022rectangular,
  title={The rectangular two-dimensional strip packing problem real-life practical constraints: A bibliometric overview},
  author={J{\'u}nior, Alvaro Neuenfeldt and Silva, Elsa and Francescatto, Matheus and Rosa, Carmen Brum and Siluk, Julio},
  journal={Computers \& Operations Research},
  volume={137},
  pages={105521},
  year={2022},
  publisher={Elsevier}
}

@article{vasilyev2023generalized,
  title={Generalized multiple strip packing problem: Formulations, applications, and solution algorithms},
  author={Vasilyev, Igor and Ushakov, Anton V and Zhang, Dong and Ren, Jie},
  journal={Computers \& Industrial Engineering},
  volume={178},
  pages={109096},
  year={2023},
  publisher={Elsevier}
}

@article{oliveira2016survey,
  title={A survey on heuristics for the two-dimensional rectangular strip packing problem},
  author={Oliveira, Jos{\'e} Fernando and Neuenfeldt J{\'u}nior, Alvaro and Silva, Elsa and Carravilla, Maria Ant{\'o}nia},
  journal={Pesquisa Operacional},
  volume={36},
  pages={197--226},
  year={2016},
  publisher={SciELO Brasil}
}

@article{lodi2002two,
  title={Two-dimensional packing problems: A survey},
  author={Lodi, Andrea and Martello, Silvano and Monaci, Michele},
  journal={European journal of operational research},
  volume={141},
  number={2},
  pages={241--252},
  year={2002},
  publisher={Elsevier}
}

@article{he2013heuristics,
  title={Heuristics for two-dimensional strip packing problem with 90 rotations},
  author={He, Kun and Jin, Yan and Huang, Wenqi},
  journal={Expert systems with applications},
  volume={40},
  number={14},
  pages={5542--5550},
  year={2013},
  publisher={Elsevier}
}

@article{junior2023framework,
  title={A framework to select heuristics for the rectangular two-dimensional strip packing problem},
  author={J{\'u}nior, Alvaro Neuenfeldt and Siluk, Julio and Francescatto, Matheus and Stieler, Gabriel and Disconzi, David},
  journal={Expert Systems with Applications},
  volume={213},
  pages={119202},
  year={2023},
  publisher={Elsevier}
}

@article{wei2017improved,
  title={An improved skyline based heuristic for the 2D strip packing problem and its efficient implementation},
  author={Wei, Lijun and Hu, Qian and Leung, Stephen CH and Zhang, Ning},
  journal={Computers \& Operations Research},
  volume={80},
  pages={113--127},
  year={2017},
  publisher={Elsevier}
}

@inproceedings{thomas2013hybrid,
  title={Hybrid approach for 2D strip packing problem using genetic algorithm},
  author={Thomas, Jaya and Chaudhari, Narendra S},
  booktitle={Advances in Computational Intelligence: 12th International Work-Conference on Artificial Neural Networks, IWANN 2013, Puerto de la Cruz, Tenerife, Spain, June 12-14, 2013, Proceedings, Part I 12},
  pages={566--574},
  year={2013},
  organization={Springer}
}

@article{babaouglu2017solving,
  title={Solving 2D strip packing problem using fruit fly optimization algorithm},
  author={Babao{\u{g}}lu, {\.I}smail},
  journal={Procedia computer science},
  volume={111},
  pages={52--57},
  year={2017},
  publisher={Elsevier}
}

@article{chen2007two,
  title={A two-level search algorithm for 2D rectangular packing problem},
  author={Chen, Mao and Huang, Wenqi},
  journal={Computers \& Industrial Engineering},
  volume={53},
  number={1},
  pages={123--136},
  year={2007},
  publisher={Elsevier}
}

@article{martello2003exact,
  title={An exact approach to the strip-packing problem},
  author={Martello, Silvano and Monaci, Michele and Vigo, Daniele},
  journal={INFORMS journal on Computing},
  volume={15},
  number={3},
  pages={310--319},
  year={2003},
  publisher={INFORMS}
}

@article{kenmochi2009exact,
  title={Exact algorithms for the two-dimensional strip packing problem with and without rotations},
  author={Kenmochi, Mitsutoshi and Imamichi, Takashi and Nonobe, Koji and Yagiura, Mutsunori and Nagamochi, Hiroshi},
  journal={European Journal of Operational Research},
  volume={198},
  number={1},
  pages={73--83},
  year={2009},
  publisher={Elsevier}
}

@article{verstichel2013improved,
  title={An improved best-fit heuristic for the orthogonal strip packing problem},
  author={Verstichel, Jannes and De Causmaecker, Patrick and Berghe, Greet Vanden},
  journal={International Transactions in Operational Research},
  volume={20},
  number={5},
  pages={711--730},
  year={2013},
  publisher={Wiley Online Library}
}

@article{wei2016efficient,
  title={An efficient intelligent search algorithm for the two-dimensional rectangular strip packing problem},
  author={Wei, Lijun and Qin, Hu and Cheang, Brenda and Xu, Xianhao},
  journal={International Transactions in Operational Research},
  volume={23},
  number={1-2},
  pages={65--92},
  year={2016},
  publisher={Wiley Online Library}
}

@article{hopper2001empirical,
  title={An empirical investigation of meta-heuristic and heuristic algorithms for a 2D packing problem},
  author={Hopper, EBCH and Turton, Brian CH},
  journal={European Journal of Operational Research},
  volume={128},
  number={1},
  pages={34--57},
  year={2001},
  publisher={Elsevier}
}

@article{wei2011skyline,
  title={A skyline heuristic for the 2D rectangular packing and strip packing problems},
  author={Wei, Lijun and Oon, Wee-Chong and Zhu, Wenbin and Lim, Andrew},
  journal={European Journal of Operational Research},
  volume={215},
  number={2},
  pages={337--346},
  year={2011},
  publisher={Elsevier}
}


@misc{carpetaInstancias2023,
  title = {Instancias de Prueba [Collection of text files]},
  howpublished = {OneDrive folder},
  year = {2023},
  url = {https://usmcl-my.sharepoint.com/:f:/r/personal/pablo\_estobar\_usm\_cl/Documents/Ayudant\%C3\%ADa\%20IA\%202023-2/Instancias\%20de\%20Prueba?csf=1\&web=1\&e=eN3tdg},
  note = {https://usmcl- my.sharepoint.com/:f:/r/personal/pablo\_estobar\_usm\_cl/Documents/Ayudant\%C3\%ADa \\ \%20IA\%202023-2/Instancias\%20de\%20Prueba?csf=1\&web=1\&e=eN3tdg},
}